@inproceedings{Appel1968,
  doi = {10.1145/1468075.1468082},
  url = {https://doi.org/10.1145/1468075.1468082},
  year = {1968},
  publisher = {{ACM} Press},
  author = {Arthur Appel},
  title = {Some techniques for shading machine renderings of solids},
  booktitle = {Proceedings of the April 30--May 2, 1968, spring joint
                  computer conference on - {AFIPS}
                  `68 (Spring)}
}

@article{Spencer62,
author = {G. H. Spencer and M. V. R. K. Murty},
journal = {J. Opt. Soc. Am.},
keywords = {Diffraction gratings; Grating prisms; Optical surfaces; Ray tracing; Refractive index; Total internal reflection},
number = {6},
pages = {672--678},
publisher = {OSA},
title = {General Ray-Tracing Procedureâ€ },
volume = {52},
month = {Jun},
year = {1962},
url = {http://www.osapublishing.org/abstract.cfm?URI=josa-52-6-672},
doi = {10.1364/JOSA.52.000672},
abstract = {Computing formulas are presented for tracing skew rays through optical systems containing cylindrical and toric surfaces of arbitrary orientation and position. Particular attention is given to the treatment of diffraction gratings and a vector form of the diffraction law is suggested.},
}

@online{Rust,
title = {Rust Programming Language},
url = {https://www.rust-lang.org},
accessed = {2020-01-26},
}

@article{raytrialgo,
  doi = {10.1080/10867651.1997.10487468},
  url = {https://doi.org/10.1080/10867651.1997.10487468},
  year = {1997},
  month = jan,
  publisher = {Informa {UK} Limited},
  volume = {2},
  number = {1},
  pages = {21--28},
  author = {Tomas M\"{o}ller and Ben Trumbore},
  title = {Fast, Minimum Storage Ray--Triangle Intersection},
  journal = {Journal of Graphics Tools}
}
